@book{smus2013web,
  title={Web audio API: advanced sound for games and interactive apps},
  author={Smus, Boris},
  year={2013},
  publisher={" O'Reilly Media, Inc."}
}

@article{tandel2018impact,
  title={Impact of progressive web apps on web app development},
  author={Tandel, Sayali and Jamadar, Abhishek},
  journal={International Journal of Innovative Research in Science, Engineering and Technology},
  volume={7},
  number={9},
  pages={9439--9444},
  year={2018}
}

@inproceedings{haas2017bringing,
  title={Bringing the web up to speed with WebAssembly},
  author={Haas, Andreas and Rossberg, Andreas and Schuff, Derek L and Titzer, Ben L and Holman, Michael and Gohman, Dan and Wagner, Luke and Zakai, Alon and Bastien, JF},
  booktitle={Proceedings of the 38th ACM SIGPLAN Conference on Programming Language Design and Implementation},
  pages={185--200},
  year={2017}
}

@book{fedosejev2015react,
  title={React. js essentials},
  author={Fedosejev, Artemij},
  year={2015},
  publisher={Packt Publishing Ltd}
}

@article{burnett1995visual,
  title={Visual programming},
  author={Burnett, Margaret M and McIntyre, David W},
  journal={COmputer-Los Alamitos-},
  volume={28},
  pages={14--14},
  year={1995},
  publisher={IEEE INSTITUTE OF ELECTRICAL AND ELECTRONICS}
}

@article{orlarey2009faust,
  title={FAUST: an efficient functional approach to DSP programming},
  author={Orlarey, Yann and Fober, Dominique and Letz, St{\'e}phane},
  journal={New Computational Paradigms for Computer Music},
  pages={65--96},
  year={2009}
}

@book{wakefield2022generating,
  title={Generating Sound \& Organizing Time: Thinking with Gen\~{} Book 1},
  author={Wakefield, G. and Taylor, G.},
  number={bk. 1},
  isbn={9781732590311},
  url={https://books.google.com/books?id=yvV4zwEACAAJ},
  year={2022},
  publisher={Cycling '74}
}

@book{roads1996computer,
  title={Computer Music Tutorial},
  author={Roads, Curtis},
  volume={170},
  year={1996},
  publisher={MIT Press}
}

@article{puckette1996pure,
  title={Pure Data: another integrated computer music environment},
  author={Puckette, Miller and others},
  journal={Proceedings of the second intercollege computer music concerts},
  pages={37--41},
  year={1996},
  publisher={Tokyo, Japan}
}

@inproceedings{puckette1997pure,
  title={Pure data},
  author={Puckette, Miller S and others},
  booktitle={ICMC},
  year={1997}
}

@article{burt2023new,
  title={A new ecosystem for microtonal computer music exploration and composition},
  author={Burt, Warren},
  journal={Chroma: Journal of the Australasian Computer Music Association},
  volume={39},
  number={2},
  year={2023}
}

@article{chandrasekara2021introduction,
  title={Introduction to github actions},
  author={Chandrasekara, Chaminda and Herath, Pushpa and Chandrasekara, Chaminda and Herath, Pushpa},
  journal={Hands-on GitHub actions: implement CI/CD with GitHub action workflows for your applications},
  pages={1--8},
  year={2021},
  publisher={Springer}
}

@inproceedings{kleimola2015web,
  title={Web audio modules},
  author={Kleimola, Jari and Larkin, Oliver},
  booktitle={Proc. 12th Sound and Music Computing Conference},
  year={2015}
}

@article{verdu2015performance,
  title={Performance scalability analysis of javascript applications with web workers},
  author={Verd{\'u}, Javier and Pajuelo, Alex},
  journal={IEEE Computer Architecture Letters},
  volume={15},
  number={2},
  pages={105--108},
  year={2015},
  publisher={IEEE}
}

@article{kilius2015web,
  title={Web Integration of a granular synthesizer using RNBO in Max/MSP},
  author={Kilius, Sarunas},
  year={2015}
}

@inproceedings{letz2017compiling,
  title={Compiling Faust audio DSP code to WebAssembly},
  author={Letz, St{\'e}phane and Orlarey, Yann and Fober, Dominique},
  booktitle={Web Audio Conference},
  year={2017}
}

@inproceedings{letz2015faust,
  title={Faust audio DSP language in the Web},
  author={Letz, Stephane and Denoux, Sarah and Orlarey, Yann and Fober, Dominique},
  booktitle={Linux Audio Conference},
  pages={29--36},
  year={2015}
}

@inproceedings{gomez2011usage,
  title={Usage of adaptive features in sound synthesis GUIs},
  author={G{\'o}mez, D{\'a}niel and S{\'a}nchez, David},
  booktitle={2011 IEEE Second Latin American Symposium on Circuits and Systems (LASCAS)},
  pages={1--4},
  year={2011},
  organization={IEEE}
}

@inproceedings{buffa2024can,
  title={Can you DAW it Online?},
  author={Buffa, Michel and Demont, Samuel},
  booktitle={IEEE International Symposium on the Internet of Sounds 2024, 1st IEEE International Workshop on the Musical Metaverse (IEEE IWMM)},
  year={2024}
}

@book{robinson2014ableton,
  title={Ableton Live 9},
  author={Robinson, Keith},
  year={2014},
  publisher={Routledge}
}

@article{clauhs2022daw,
  title={The DAW revolution},
  author={Clauhs, Matthew and Dozoretz, Brian},
  journal={The Routledge companion to creativities in music education},
  pages={217--227},
  year={2022},
  publisher={Routledge}
}

@inproceedings{chkec2019performance,
  title={The performance analysis of web applications based on virtual DOM and reactive user interfaces},
  author={Chec, Dariusz and Nowak, Ziemowit},
  booktitle={Engineering Software Systems: Research and Praxis},
  pages={119--134},
  year={2019},
  organization={Springer}
}

@article{zhao2010music,
  title={Music exposure and hearing disorders: an overview},
  author={Zhao, Fei and Manchaiah, Vinaya KC and French, David and Price, Sharon M},
  journal={International journal of audiology},
  volume={49},
  number={1},
  pages={54--64},
  year={2010},
  publisher={Taylor \& Francis}
}

@article{pienkowski2021loud,
  title={Loud music and leisure noise is a common cause of chronic hearing loss, tinnitus and hyperacusis},
  author={Pienkowski, Martin},
  journal={International journal of environmental research and public health},
  volume={18},
  number={8},
  pages={4236},
  year={2021},
  publisher={MDPI}
}

@misc{acoustid,
  author       = {Lalinský, Lukáš},
  title        = {AcoustID: Open Source Audio Identification},
  year         = 2024,
  url          = {https://acoustid.org/},
  note         = {Accessed: 2024-12-11}
}

@book{leyshon2014reformatted,
  title={Reformatted: Code, networks, and the transformation of the music industry},
  author={Leyshon, Andrew},
  year={2014},
  publisher={Oxford University Press}
}